<record><leader>00000cas a22000007a 4500</leader><controlfield tag="001">10986050</controlfield><controlfield tag="008">840725d19261977ohudn ne      0    0eng d</controlfield><datafield ind1=" " ind2=" " tag="010"><subfield code="a">sn 84028392 </subfield></datafield><datafield ind1=" " ind2=" " tag="040"><subfield code="a">NPY</subfield><subfield code="b">eng</subfield><subfield code="c">NPY</subfield><subfield code="d">ONP</subfield><subfield code="d">OCLCQ</subfield></datafield><datafield ind1=" " ind2=" " tag="042"><subfield code="a">msc</subfield></datafield><datafield ind1="0" ind2="0" tag="245"><subfield code="a">Warren tribune chronicle.</subfield></datafield><datafield ind1="3" ind2="0" tag="246"><subfield code="a">Tribune chronicle</subfield></datafield><datafield ind1=" " ind2=" " tag="260"><subfield code="a">Warren, Ohio :</subfield><subfield code="b">Tribune Co.</subfield></datafield><datafield ind1=" " ind2=" " tag="300"><subfield code="a">v. :</subfield><subfield code="b">ill. ;</subfield><subfield code="c">58 cm.</subfield></datafield><datafield ind1=" " ind2=" " tag="310"><subfield code="a">Daily (except Sun.)</subfield></datafield><datafield ind1="0" ind2=" " tag="362"><subfield code="a">Vol. 37, no. 59 (Nov. 3, 1926)- ; -101th year, no. 196 (Apr. 2, 1977) = v. 113, no. 358-165th year, no. 257.</subfield></datafield><datafield ind1=" " ind2=" " tag="500"><subfield code="a">Publisher: Thomas H. Deming.</subfield></datafield><datafield ind1=" " ind2=" " tag="752"><subfield code="a">United States</subfield><subfield code="b">Ohio</subfield><subfield code="c">Trumbull</subfield><subfield code="d">Warren.</subfield></datafield><datafield ind1="0" ind2="0" tag="780"><subfield code="t">Warren tribune, Warren daily chronicle</subfield><subfield code="w">(DLC)sn 84028391</subfield></datafield><datafield ind1="0" ind2="0" tag="785"><subfield code="t">Tribune chronicle (Warren, Ohio)</subfield><subfield code="w">(DLC)sn 88078596</subfield></datafield></record>